@Misc{PSODA,
  author = 	 {{Brigham Young University}},
  title = 	 {{PSODA: Phylogenetic Search Open-source Data Analysis}},
  howpublished = {{http://dna.cs.byu.edu/psoda/}},
  month = 	 {July},
  year = 	 {2008}
}

@article{rice1997ald,
  title={{Analyzing large data sets: rbcL 500 revisited}},
  author={Rice, K.A. and Donoghue, M.J. and Olmstead, R.G.},
  journal={Systematic Biology},
  volume={46},
  number={3},
  pages={554--563},
  year={1997},
  publisher={JSTOR}
}

@article{unaids2006aeu,
  title =	 {{AIDS Epidemic Update: December 2007}},
  author =	 {UNAIDS, WHO},
  journal =	 {Geneva: The Joint United Nations Programme on
                  HIV/AIDS and the World Health Organization},
  year =	 {2007}
}

@Article{Berzins,
  author =	 {Valdis Berzins and Michael Gray and David Naumann},
  title =	 {Abstraction-based software development},
  journal =	 {Communications of the ACM},
  year =	 {1986},
  volume =	 {29},
  number =	 {5},
  pages =	 {402--415},
  month =	 {May}
}

@Article{Eisen,
  author =	 "J. A. Eisen",
  title =	 "A {P}hylogenomic study of the {M}ut{S} family of
                  proteins",
  year =	 {1998},
  journal =	 "Nucleic Acids Research",
  volume =	 {26},
  number =	 {18},
  pages =	 {4291--4300}
}

@InBook{Felsenstein,
  author =	 "Joseph Felsenstein",
  title =	 "Inferring {P}hylogenies",
  chapter =	 "Preface",
  publisher =	 "Sinauer {A}ssociates, {I}nc.",
  year =	 {2004},
}

@article{goloboff1999ald,
  title={{Analyzing Large Data Sets in Reasonable Times: Solutions for Composite Optima}},
  author={Goloboff, P.A.},
  journal={Cladistics},
  volume={15},
  number={4},
  pages={415--428},
  year={1999},
  publisher={Blackwell Synergy}
}

@Article{Graham,
  author =	 "R. L. Graham and L. R. Foulds",
  title =	 "Unlikelihood that minimal phylogenies for a
                  realistic biological study can be constructed in
                  reasonable computational time",
  journal =	 {Mathematical Biosciences},
  year =	 {1982},
  volume =	 {60},
  number =	 {2},
  pages =	 {133--142}
}

@Article{Maddison,
  author =	 {Daivd R. Maddison and David L. Swofford and Wayne
                  P. Maddison},
  title =	 {NEXUS: An Extensible File Format for Systematic
                  Information},
  journal =	 {Systematic Biology},
  year =	 {1997},
  volume =	 {46},
  number =	 {4},
  pages =	 {590--621},
  month =	 {December}
}

@Article{Meier,
  author = 	 {Rudolf Meier and Farhan B. Ali},
  title = 	 {The newest kid on the parsimony block: TNT (Tree analysis using new technology)},
  journal = 	 {Systematic Entomology},
  year = 	 {2005},
  volume = 	 {30},
  number = 	 {1},
  pages = 	 {179--182}
}

@Article{Moilanen,
  author =	 {Atte Miolanen},
  title =	 {Simulated Evolutionary Optimization and Local
                  Search: Introduction and Application to Tree Search},
  journal =	 {Cladistics},
  year =	 {2000},
  volume =	 {17},
  pages =	 {S12--S25}
}

@Article{Mooers,
  author =	 "Arne \O. Mooers and Stephen B. Heard",
  title =	 "Inferring {E}volutionary {P}rocess from
                  {P}hylogenetic {T}ree {S}hape",
  journal =	 "The Quarterly Review of Biology",
  year =	 {1997},
  volume =	 {72},
  number =	 {1},
  pages =	 {31-54}
}

@Article{Morrison,
  author =	 {David A. Morrison and John T. Ellis},
  title =	 {Effects of Nucleotide Sequence Alignment on
                  Phylogeny Estimation: A Case Study},
  journal =	 {Molecular Biology and Evolution},
  year =	 {1997},
  volume =	 {14},
  number =	 {},
  pages =	 {428--441}
}

@Article{Nixon,
  author =	 "Kevin C. Nixon",
  title =	 "The {P}arsimony {R}atchet, a {N}ew {M}ethod for
                  {R}apid {P}arsimony {A}nalysis",
  journal =	 "Cladistics",
  year =	 {1999},
  volume =	 {15},
  number =	 {4},
  pages =	 {407--414}
}

@Misc{PAUP,
  author =	 "David L. Swofford",
  title =	 "{PAUP}* {P}hylogenetic analysis using parsimony
                  (*and other methods), 4.0b4a.",
  howpublished = "Sinauer Associates, Sunderland, Massachusetts",
  year =	 {1998}
}

@Misc{Phylip,
  author =	 "Joseph Felsenstein",
  title =	 "{PHYLIP} ({P}hylogeny {I}nference {P}ackage) version
                  3.67",
  howpublished = "Distributed by the author. Department of Genome
                  Sciences, University of Washington, Seattle",
  year =	 {2007}
}

@Misc{Poy,
  author =	 {Ward C. Wheeler and David S. Gladstein},
  year =	 {2000},
  title =	 {POY: The Optimization of Alignment Characters},
  howpublished = {American Museum of Natural History, New York},
  note =	 {Program and documentation available at
                  ftp://ftp.amnh.org/pub/molecular/poy/}
}

@Article{Quicke,
  author =	 {Donald L. J. Quicke and Jason Taylor and Andy
                  Purvis},
  title =	 {Changing the Landscape: A New Strategy for
                  Estimating Large Phylogenies},
  journal =	 {Systematic Biology},
  year =	 {2001},
  volume =	 {50},
  number =	 {1},
  pages =	 {60--66}
}


@Article{Rambaut,
  author =	 "A. Rambaut and D. Posada and K. A. Crandall and
                  E. C. Holmes",
  title =	 "The causes and consequences of {HIV} evolution",
  year =	 {2004},
  journal =	 "Nature Reviews Genetics",
  volume =	 {5},
  pages =	 {52--61}
}


@InProceedings{Roshan,
  author =	 {Usman W. Roshan and Bernard M. E. Moret and Tandy
                  Warnow and Tiffani L. Williams},
  title =	 {Rec-I-DCM3: A Fast Algorithmic Technique for
                  Reconstructing Large Phylogenetic Trees},
  booktitle =	 {Computational Systems Bioinformatics Conference,
                  2004. CSB 2004. Proceedings.},
  pages =	 {98--109},
  year =	 {2004},
  month =	 {August},
  organization = {IEEE},
  publisher =	 {IEEE}
}

@Article{Sanderson,
  author =	 "Michael J. Sanderson",
  title =	 "Flexible {P}hylogeny {R}econstruction: {A} {R}eview
                  of {P}hylogenetic {I}nference {P}ackages",
  year =	 {1990},
  journal =	 "Systematic Zoology",
  volume =	 {39},
  number =	 {4},
  pages =	 {414--420}
}  

@Manual{Sikes,
  title =	 "{PAUPR}at: a tool to implement parsimony ratchet
                  searches using {PAUP}*",
  author =	 {Derek S. Sikes and Paul O. Lewis},
  year =	 {2001},
  note =	 "Download site:
                  http://www.ucalgary.ca/~dsikes/software2.htm"
}

@Article{Stajich,
  author =	 {Jason E. Stajich and others},
  title =	 {The Bioperl Toolkit: Perl Modules for the Life
                  Sciences},
  journal =	 {Genome Research},
  year =	 {2002},
  volume =	 {12},
  number =	 {10},
  pages =	 {1611--1618},
  month =	 {October}
}  

@Misc{TNT,
  author =	 {Pablo Goloboff and Steve Farris and Kevin Nixon},
  year =	 {1999},
  title =	 {TNT: Tree Analysis Using New Technology},
  note =	 {http://www.cladistics.com}
}

@Article{Taboo,
  author =	 "Djurdje Cvijovi\'{c} and Jacek Klinowski",
  title =	 "Taboo {S}earch: {A}n {A}pproach to the {M}ultiple
                  {M}inima {P}roblem",
  journal =	 {Science, New Series},
  year =	 {1995},
  volume =	 {267},
  number =	 {5198},
  pages =	 {664--666}
}

@Article{Thompson,
  author =	 {Julie D. Thompson and Desmond G. Higgins and Toby
                  J. Gibson},
  title =	 {CLUSTAL W: improving the sensitivity of progressive
                  multiple sequence alignment through sequence
                  weighting, position-specific gap penalties and
                  weight matrix choice},
  journal =	 {Nucleic Acids Research},
  year =	 {1994},
  volume =	 {22},
  number =	 {22},
  pages =	 {4673--4680}
}

@InBook{Wheeler,
  author =	 {Ward Wheeler and Lone Aagesen and Claudia P. Arango
                  and Julin\'{a}n Faivovich and Taran Grant and
                  Cyrille D'Haese and Daniel Janies and William Leo
                  Smith and Andr\'{e}s Var\'{o}n and Gonzalo Giribet},
  title =	 {Dynamic Homology and Phylogenetic Systematics: A
                  Unified Approach Using POY},
  chapter =	 {Overcoming Limitations in Phylogenetics},
  publisher =	 {American Museum of Natural History},
  year =	 {2006},
  pages =	 {34},
  note =	 {Published in cooperation with NASA Fundamental Space
                  Biology}
}

@Article{Wolfe,
  author =	 "Nathan D. Wolfe and Ananias A. Escalante and William
                  B. Karesh and Annelisa Kilbourn and Andrew Spielman
                  and Altaf A. Lal",
  title =	 "Wild {P}rimate {P}opulations in {E}merging
                  {I}nfectious {D}isease {R}esearch: {T}he {M}issing
                  {L}ink?",
  year =	 {1998},
  journal =	 "Emerging Enfectious Diseases",
  volume =	 {4},
  number =	 {2}
}

@InProceedings{ridgeBIBE2006,
  title =	 {{Large Grain Size Stochastic Optimization
                  Alignment}},
  author =	 {Perry G. Ridge and Hyrum D. Carroll and Dan Sneddon
                  and Mark J. Clement and Quinn O. Snell},
  booktitle =	 {Proceedings of the Sixth IEEE Symposium on
                  BionInformatics and BioEngineering (BIBE'06)},
  pages =	 {127-134},
  year =	 {2006},
  publisher =	 {IEEE Computer Society Washington, DC, USA},
  note =	 {Ridge and Carroll are equally contributing authors}
}

